<?xml version="1.0" encoding="UTF-8"?><record xmlns="http://www.loc.gov/MARC21/slim" xmlns:cinclude="http://apache.org/cocoon/include/1.0" xmlns:zs="http://www.loc.gov/zing/srw/">
  <leader>01001cz  a2200193n  4500</leader>
  <controlfield tag="001">n  80064944 </controlfield>
  <controlfield tag="003">DLC</controlfield>
  <controlfield tag="005">20090211080441.0</controlfield>
  <controlfield tag="008">800708n| acannaabn          |b ana      </controlfield>
  <datafield tag="010" ind1=" " ind2=" ">
    <subfield code="a">n  80064944 </subfield>
  </datafield>
  <datafield tag="035" ind1=" " ind2=" ">
    <subfield code="a">(OCoLC)oca00446534</subfield>
  </datafield>
  <datafield tag="040" ind1=" " ind2=" ">
    <subfield code="a">DLC</subfield>
    <subfield code="b">eng</subfield>
    <subfield code="c">DLC</subfield>
    <subfield code="d">OCoLC</subfield>
  </datafield>
  <datafield tag="110" ind1="1" ind2=" ">
    <subfield code="a">Mauritania.</subfield>
    <subfield code="b">Direction des pêches</subfield>
  </datafield>
  <datafield tag="410" ind1="1" ind2=" ">
    <subfield code="a">Mauritania.</subfield>
    <subfield code="b">Pêches, Direction des</subfield>
  </datafield>
  <datafield tag="410" ind1="1" ind2=" ">
    <subfield code="a">Mauritania.</subfield>
    <subfield code="b">Idārat al-Ṣayd</subfield>
  </datafield>
  <datafield tag="410" ind1="1" ind2=" ">
    <subfield code="a">Mauritania.</subfield>
    <subfield code="b">Ministère de l'industrialisation et des mines.</subfield>
    <subfield code="b">Direction des pêches</subfield>
  </datafield>
  <datafield tag="410" ind1="1" ind2=" ">
    <subfield code="a">Mauritania.</subfield>
    <subfield code="b">Ministère de l'industrialisation et des mines.</subfield>
    <subfield code="b">Idārat al-Ṣayd</subfield>
  </datafield>
  <datafield tag="667" ind1=" " ind2=" ">
    <subfield code="a">AACR 1 form: Mauritania. Direction des pêches</subfield>
  </datafield>
  <datafield tag="670" ind1=" " ind2=" ">
    <subfield code="a">Laboratoire des pêches de Nouadhibou. Bulletin du ... déc. 1975 (x-ref.)</subfield>
    <subfield code="b">cover (al-Jumhūrīyah al-Islāmīyah al-Mūrītānīyah, Wizārat al-Taṣnīʻ wa-al-Maʻādin, Idārat al-Ṣayd; République islamique de Mauritanie, Ministère de l'industrialisation et des mines, Direction des pêches)</subfield>
  </datafield>
</record>